% This file was created with JabRef 2.8.1.
% Encoding: Cp1252

@misc{Beaulieu_Simon,
  author = {Ray Beaulieu and Douglas Shors and Jason Smith and Stefan Treatman-Clark and Bryan Weeks and Louis Wingers},
  title = {The SIMON and SPECK Families of Lightweight Block Ciphers},
  howpublished = {Cryptology ePrint Archive, Report 2013/404},
  year = {2013},
  note = {\url{http://eprint.iacr.org/}},
}

@misc{BEPrince,
    author = {Cong Chen and Thomas Eisenbarth and Aria Shahverdi and Xin Ye},
    title = {Balanced Encoding to Mitigate Power Analysis: A Case Study},
    howpublished = {Cryptology ePrint Archive, Report 2014/952},
    year = {2014},
    note = {\url{http://eprint.iacr.org/}},
}

@misc{ServantAES,
author = {Victor Servant and Nicolas Debande and Houssem Maghrebi and Julien Bringer},
title = {Study of a Novel Software Constant Weight Implementation},
howpublished = {Available at \url{http://
www.blowinglotsofweirdstuffup.com/guide.html} (2005/06/12)}
}

@incollection{StandaertAdvances,
year={2009},
isbn={978-3-642-01000-2},
booktitle={Advances in Cryptology - EUROCRYPT 2009},
volume={5479},
series={Lecture Notes in Computer Science},
editor={Joux, Antoine},
doi={10.1007/978-3-642-01001-9_26},
title={A Unified Framework for the Analysis of Side-Channel Key Recovery Attacks},
url={http://dx.doi.org/10.1007/978-3-642-01001-9_26},
publisher={Springer Berlin Heidelberg},
author={Standaert, François-Xavier and Malkin, TalG. and Yung, Moti},
pages={443-461},
language={English}
}

@inproceedings{KocherDPA,
author = {Kocher, Paul C. and Jaffe, Joshua and Jun, Benjamin},
title = {Differential Power Analysis},
booktitle = {Proceedings of the 19th Annual International Cryptology Conference on Advances in Cryptology},
series = {CRYPTO '99},
year = {1999},
isbn = {3-540-66347-9},
pages = {388--397},
numpages = {10},
url = {http://dl.acm.org/citation.cfm?id=646764.703989},
acmid = {703989},
publisher = {Springer-Verlag},
address = {London, UK, UK},
}

@inproceedings{KocherTiming,
author = {Kocher, Paul C.},
title = {Timing Attacks on Implementations of Diffie-Hellman, RSA, DSS, and Other Systems},
booktitle = {Proceedings of the 16th Annual International Cryptology Conference on Advances in Cryptology},
series = {CRYPTO '96},
year = {1996},
isbn = {3-540-61512-1},
pages = {104--113},
numpages = {10},
url = {http://dl.acm.org/citation.cfm?id=646761.706156},
acmid = {706156},
publisher = {Springer-Verlag},
address = {London, UK, UK},
} 

@incollection{WangShuffling,
year={2012},
isbn={978-3-642-34960-7},
booktitle={Advances in Cryptology â ASIACRYPT 2012},
volume={7658},
series={Lecture Notes in Computer Science},
editor={Wang, Xiaoyun and Sako, Kazue},
doi={10.1007/978-3-642-34961-4_44},
title={Shuffling against Side-Channel Attacks: A Comprehensive Study with Cautionary Note},
url={http://dx.doi.org/10.1007/978-3-642-34961-4_44},
publisher={Springer Berlin Heidelberg},
author={Veyrat-Charvillon, Nicolas and Medwed, Marcel and Kerckhof, StÃ©phanie and Standaert, FranÃ§ois-Xavier},
pages={740-757},
language={English}
}

@incollection{CoronRandomDelays,
year={2010},
isbn={978-3-642-15030-2},
booktitle={Cryptographic Hardware and Embedded Systems, CHES 2010},
volume={6225},
series={Lecture Notes in Computer Science},
editor={Mangard, Stefan and Standaert, FranÃ§ois-Xavier},
doi={10.1007/978-3-642-15031-9_7},
title={Analysis and Improvement of the Random Delay Countermeasure of CHES 2009},
url={http://dx.doi.org/10.1007/978-3-642-15031-9_7},
publisher={Springer Berlin Heidelberg},
keywords={Side channel attacks; DPA; countermeasures; random delays},
author={Coron, Jean-SÃ©bastien and Kizhvatov, Ilya},
pages={95-109},
language={English}
}

@article{Hoogvorst,
  title={Software implementation of dual-rail representation},
  author={Hoogvorst, Philippe and Duc, Guillaume and Danger, Jean-Luc},
  journal={COSADE, February},
  pages={24--25},
  year={2011}
}

@comment{jabref-meta: selector_keywords:}

@comment{jabref-meta: selector_journal:}

@comment{jabref-meta: selector_publisher:}

@comment{jabref-meta: selector_author:}

@comment{jabref-meta: selector_review:}

